
@misc{MKL,
title = {Math Kernel Library download},
howpublished = { \url {https://software.intel.com/en-us/mkl}},
}

@misc{OpenBLAS,
title = {OpenBLAS download},
howpublished = { \url {https://www.openblas.net}},
}

@misc{Tutor,
title = {Mulithreading tutorial},
howpublished = { \url {https://www.tutorialspoint.com/cplusplus/cpp_multithreading.htm}},
}

@misc{BLASfunctions,
title = {Learnig about BLAS},
howpublished = { \url {https://software.intel.com/en-us/mkl-developer-reference-c-cblas-gemm}},
}
